@ARTICLE{2023arXiv230600953M,
       author = {{Maiolino}, Roberto and {Uebler}, Hannah and {Perna}, Michele and {Scholtz}, Jan and {D'Eugenio}, Francesco and {Witten}, Callum and {Laporte}, Nicolas and {Witstok}, Joris and {Carniani}, Stefano and {Tacchella}, Sandro and {Baker}, William and {Arribas}, Santiago and {Nakajima}, Kimihiko and {Eisenstein}, Daniel and {Bunker}, Andrew and {Charlot}, Stephane and {Cresci}, Giovanni and {Curti}, Mirko and {Curtis-Lake}, Emma and {de Graaff}, Anna and {Ji}, Zhiyuan and {Johnson}, Benjamin D. and {Kumari}, Nimisha and {Looser}, Tobias J. and {Maseda}, Michael and {Nelson}, Erica and {Robertson}, Brant and {Rodriguez Del Pino}, Bruno and {Sandles}, Lester and {Simmonds}, Charlotte and {Smit}, Renske and {Sun}, Fengwu and {Venturi}, Giacomo and {Williams}, Christina and {Willmer}, Christopher},
        title = "{JWST-JADES. Possible Population III signatures at z=10.6 in the halo of GN-z11}",
      journal = {arXiv e-prints},
     keywords = {Astrophysics - Astrophysics of Galaxies, Astrophysics - Cosmology and Nongalactic Astrophysics},
         year = 2023,
        month = jun,
          eid = {arXiv:2306.00953},
        pages = {arXiv:2306.00953},
          doi = {10.48550/arXiv.2306.00953},
archivePrefix = {arXiv},
       eprint = {2306.00953},
 primaryClass = {astro-ph.GA},
       adsurl = {https://ui.adsabs.harvard.edu/abs/2023arXiv230600953M},
      adsnote = {Provided by the SAO/NASA Astrophysics Data System}
}

@misc{jwst_website,
  author       = {CNES},
  title        = {James Webb Space Telescope},
  url          = {https://www.jwst.fr/},
}

